@article{liguz2022somatostatin,
  author    = {Monika Liguz-Lecznar and Grzegorz Dobrzanski and Malgorzata Kossut},
  title     = {Somatostatin and Somatostatin-Containing Interneurons—From Plasticity to Pathology},
  journal   = {Biomolecules},
  year      = {2022},
  note      = {\url{https://link-to-article.com}}
}


@article{grishma,
  title={The inhibitory control of traveling waves in cortical networks},
  author={Palkar, Grishma and Wu, Jian-young and Ermentrout, Bard},
  journal={PLOS Computational Biology},
  volume={19},
  number={9},
  pages={e1010697},
  year={2023},
  publisher={Public Library of Science San Francisco, CA USA}
}


@article{headley2024spatially,
  author    = {Drew B. Headley and Benjamin Latimer and Adin Aberbach and Satish S. Nair},
  title     = {Spatially Targeted Inhibitory Rhythms Differentially Affect Neuronal Integration},
  journal   = {eLife},
  year      = {2024},
  note      = {\url{https://link-to-article.com}}
}

@article{racine2021somatostatin,
  author    = {Anne-Sophie Racine and François-Xavier Michon and Isabel Laplante and Jean-Claude Lacaille},
  title     = {Somatostatin Contributes to Long-Term Potentiation at Excitatory Synapses onto Hippocampal Somatostatinergic Interneurons},
  journal   = {Molecular Brain},
  year      = {2021},
  note      = {\url{https://link-to-article.com}}
}

@article{kopell2011neuronal,
  author    = {Nancy Kopell and Mark A. Whittington and Miles A. K.},
  title     = {Neuronal Assembly Dynamics in the Beta1 Frequency Range Permits Short-Term Memory},
  journal   = {Proceedings of the National Academy of Sciences},
  year      = {2011},
  note      = {\url{https://link-to-article.com}}
}

@book{xppaut,
  title={Simulating, analyzing, and animating dynamical systems: a guide to XPPAUT for researchers and students},
  author={Ermentrout, Bard},
   year={2003},
   volume={14},
  publisher={SIAM}
}

@article{whittington2000,
  title={Inhibition-based rhythms: experimental and mathematical observations on network dynamics},
  author={Whittington, Miles A and Traub, Roger D and Kopell, Nancy and Ermentrout, Bard and Buhl, Eberhard H},
  journal={International journal of psychophysiology},
  volume={38},
  number={3},
  pages={315--336},
  year={2000},
  publisher={Elsevier}
}

@article{unknown2019parietal,
  author    = {Alexandros Gelastopoulos, Miles A. Whittington and Nancy J. Kopell},
  title     = {Parietal Low Beta Rhythm Provides a Dynamical Substrate for a Working Memory Buffer},
  journal   = {Journal of Neuroscience},
  year      = {2019},
  note      = {\url{https://link-to-article.com}}
}

@article{pse,
  author    = {G. Pfurtscheller, A. Stancák Jr., G. Edlinger},
  title     = {On the existence of different types of central beta rhythms below 30 Hz},
  journal   = {ELSEVIER},
  year      = {1997},
  note      = {\url{https://doi.org/10.1016/S0013-4694(96)96612-2}}
}


@article{gk,
  author    = {Alexandros Gelastopoulos and Nancy J. Kopell},
  title     = {Interactions of multiple rhythms in a biophysical network of neurons},
  journal   = {Journal of Mathematical Neuroscience},
  year      = {2020},
  note      = {\url{https://doi.org/10.1186/s13408-020-00096-7}}
}

@article{rkc,
  author    = {Anita K. Roopun, Mark A. Kramer, Lucy M. Carracedo},
  title     = {Period concatenation underlies interactions between gamma and beta rhythms in neocortex},
  journal   = {Frontier in cellular neuroscience},
  year      = {2008}
}
@article{montbrio,
  title={Macroscopic description for networks of spiking neurons},
  author={Montbri{\'o}, Ernest and Paz{\'o}, Diego and Roxin, Alex},
  journal={Physical Review X},
  volume={5},
  number={2},
  pages={021028},
  year={2015},
  publisher={APS}
}


@article{bick2020,
  title={Understanding the dynamics of biological and neural oscillator networks through exact mean-field reductions: a review},
  author={Bick, Christian and Goodfellow, Marc and Laing, Carlo R and Martens, Erik A},
  journal={The Journal of Mathematical Neuroscience},
  volume={10},
  number={1},
  pages={9},
  year={2020},
  publisher={Springer}
}




@article{oa,
  title={Low dimensional behavior of large systems of globally coupled oscillators},
  author={Ott, Edward and Antonsen, Thomas M},
  journal={Chaos: An Interdisciplinary Journal of Nonlinear Science},
  volume={18},
  number={3},
  year={2008},
  publisher={AIP Publishing}
}

@article{ke86,
  title={Parabolic bursting in an excitable system coupled with a slow oscillation},
  author={Ermentrout, G Bard and Kopell, Nancy},
  journal={SIAM journal on applied mathematics},
  volume={46},
  number={2},
  pages={233--253},
  year={1986},
  publisher={SIAM}
}


@article{zheng2024,
  title={Analyzing top-down visual attention in the context of gamma oscillations: a layer-dependent network-of-networks approach},
  author={Zheng, Tianyi and Sugino, Masato and Jimbo, Yasuhiko and Ermentrout, G Bard and Kotani, Kiyoshi},
  journal={Frontiers in Computational Neuroscience},
  volume={18},
  pages={1439632},
  year={2024},
  publisher={Frontiers Media SA}
}

@book{iz12,
  title={Weakly connected neural networks},
  author={Hoppensteadt, Frank C and Izhikevich, Eugene M},
  volume={126},
  year={2012},
  publisher={Springer Science \& Business Media}
}

@article{wc72,
  title={Excitatory and inhibitory interactions in localized populations of model neurons},
  author={Wilson, Hugh R and Cowan, Jack D},
  journal={Biophysical journal},
  volume={12},
  number={1},
  pages={1--24},
  year={1972},
  publisher={Elsevier}
}


@article{be79,
  title={Temporal oscillations in neuronal nets},
  author={Ermentrout, GB and Cowan, Jack D},
  journal={Journal of mathematical biology},
  volume={7},
  pages={265--280},
  year={1979},
  publisher={Springer}
}
@article{dumont2017,
  title={Macroscopic phase-resetting curves for spiking neural networks},
  author={Dumont, Gr{\'e}gory and Ermentrout, G Bard and Gutkin, Boris},
  journal={Physical Review E},
  volume={96},
  number={4},
  pages={042311},
  year={2017},
  publisher={APS}
}


@article{di2018,
  title={Transition from asynchronous to oscillatory dynamics in balanced spiking networks with instantaneous synapses},
  author={Di Volo, Matteo and Torcini, Alessandro},
  journal={Physical review letters},
  volume={121},
  number={12},
  pages={128301},
  year={2018},
  publisher={APS}
}


@article{montbriogap,
  title={Exact mean-field theory explains the dual role of electrical synapses in collective synchronization},
  author={Montbri{\'o}, Ernest and Paz{\'o}, Diego},
  journal={Physical review letters},
  volume={125},
  number={24},
  pages={248101},
  year={2020},
  publisher={APS}
}

@article{devalle,
  title={Firing rate equations require a spike synchrony mechanism to correctly describe fast oscillations in inhibitory networks},
  author={Devalle, Federico and Roxin, Alex and Montbri{\'o}, Ernest},
  journal={PLoS computational biology},
  volume={13},
  number={12},
  pages={e1005881},
  year={2017},
  publisher={Public Library of Science San Francisco, CA USA}
}



@article{dumont19,
  title={Macroscopic phase resetting-curves determine oscillatory coherence and signal transfer in inter-coupled neural circuits},
  author={Dumont, Gr{\'e}gory and Gutkin, Boris},
  journal={PLoS computational biology},
  volume={15},
  number={5},
  pages={e1007019},
  year={2019},
  publisher={Public Library of Science San Francisco, CA USA}
}


@article{goldobin21,
  title={Mean-field models of populations of quadratic integrate-and-fire neurons with noise on the basis of the circular cumulant approach},
  author={Goldobin, Denis S},
  journal={Chaos: An Interdisciplinary Journal of Nonlinear Science},
  volume={31},
  number={8},
  year={2021},
  publisher={AIP Publishing}
}
@article{borgers05,
  title={Effects of noisy drive on rhythms in networks of excitatory and inhibitory neurons},
  author={B{\"o}rgers, Christoph and Kopell, Nancy},
  journal={Neural computation},
  volume={17},
  number={3},
  pages={557--608},
  year={2005},
  publisher={MIT Press}
}



@article{borgers03,
  title={Synchronization in networks of excitatory and inhibitory neurons with sparse, random connectivity},
  author={B{\"o}rgers, Christoph and Kopell, Nancy},
  journal={Neural computation},
  volume={15},
  number={3},
  pages={509--538},
  year={2003},
  publisher={MIT Press}
}

@article{lisman2013,
  title={The theta-gamma neural code},
  author={Lisman, John E and Jensen, Ole},
  journal={Neuron},
  volume={77},
  number={6},
  pages={1002--1016},
  year={2013},
  publisher={Elsevier}
}


@article{edwards24,
  title={State modulation in spatial networks with three interneuron subtypes},
  author={Edwards, Madeline M and Rubin, Jonathan E and Huang, Chengcheng},
  journal={bioRxiv},
  year={2024}
}

@article{veit23,
  title={Cortical VIP neurons locally control the gain but globally control the coherence of gamma band rhythms},
  author={Veit, Julia and Handy, Gregory and Mossing, Daniel P and Doiron, Brent and Adesnik, Hillel},
  journal={Neuron},
  volume={111},
  number={3},
  pages={405--417},
  year={2023},
  publisher={Elsevier}
}

@article{fernandez,
  title={Over and above frequency: Gamma oscillations as units of neural circuit operations},
  author={Fernandez-Ruiz, Antonio and Sirota, Anton and Lopes-dos-Santos, Vitor and Dupret, David},
  journal={Neuron},
  volume={111},
  number={7},
  pages={936--953},
  year={2023},
  publisher={Elsevier}
}


@article{bw12,
  title={Mechanisms of gamma oscillations},
  author={Buzs{\'a}ki, Gy{\"o}rgy and Wang, Xiao-Jing},
  journal={Annual review of neuroscience},
  volume={35},
  number={1},
  pages={203--225},
  year={2012},
  publisher={Annual Reviews}
}


@article{kopell11,
  title={Neuronal assembly dynamics in the beta1 frequency range permits short-term memory},
  author={Kopell, Nanacy and Whittington, Miles A and Kramer, Mark A},
  journal={Proceedings of the National Academy of Sciences},
  volume={108},
  number={9},
  pages={3779--3784},
  year={2011},
  publisher={National Academy of Sciences}
}


@article{bos20,
  title={Untangling stability and gain modulation in cortical circuits with multiple interneuron classes},
  author={Bos, Hannah and Miehl, Christoph and Oswald, Anne-Marie Michelle and Doiron, Brent},
  journal={eLife},
  volume={13},
  pages={RP99808},
  year={2025},
  publisher={eLife Sciences Publications Limited}
}

@article{GX2014Gamma,
  author  = {Gy{\"o}rgy Buzs{\'a}ki and Xiao{-}Jing Wang},
  title   = {Mechanisms of gamma oscillations},
  journal = {Current Opinion in Neurobiology},
  year    = {2014}
}

@article{yi,
  author    = {
Scott Rich and Scott Rich and Michal Zochowski },
  title     = {Dichotomous Dynamics in E-I Networks with Strongly and Weakly Intra-connected Inhibitory Neurons},
  journal   = {Front. Neural Circuits},
  year      = {2017},
  note      ={\url{https://www.frontiersin.org/journals/neural-circuits/articles/10.3389/fncir.2017.00104/full}}
}

@article{mi,
  author    = {Birgit Kriener and Hua Hu and Koen Vervaeke},
  title     = {Parvalbumin interneuron dendrites enhance gamma oscillations},
  journal   = {Cell Reports},
  year      = {2022},
  note      ={\url{https://www.sciencedirect.com/science/article/pii/S2211124722007306?utm_source=chatgpt.com}}
}

@article{chen2017somatostatin,
  author    = {Guang Chen and Yuan Zhang, Xiang Li and Xiaochen Zhao and Qian Ye and Yingxi Lin and Huizhong W Tao and Malte J Rasch and Xiaohui Zhang},
  title     = {Distinct Inhibitory Circuits Orchestrate Cortical beta and gamma Band Oscillations},
  journal   = {Neuron},
  year      = {2017},
  note      ={\url{https://pubmed.ncbi.nlm.nih.gov/29268099/}}
}

@article{yc,
  author    = {Pantelis Antonoudiou and Yu Lin Tan and Georgina Kontou and A Louise Upton and Edward O Mann },
  title     = {Parvalbumin and Somatostatin Interneurons Contribute to the Generation of Hippocampal Gamma Oscillations},
  journal   = {J Neurosci},
  year      = {2020},
  note      ={\url{https://pubmed.ncbi.nlm.nih.gov/32859716/}}
}

@article{onorato2025gamma,
  author    = {Irene Onorato and Athanasia Tzanou and Marius Schneider and Cem Uran and Ana Clara Broggini and Martin Vinck},
  title     = {Distinct roles of PV and Sst interneurons in visually induced gamma oscillations},
  journal   = {Cell Reports},
  volume    = {44},
  number    = {3},
  pages     = {115385},
  year      = {2025},
  note      = {\url{https://www.sciencedirect.com/science/article/pii/S2211124725001561}},
}

@article{br,
  author    = {Brielle R. Ferguson and Wen-Jun Gao},
  title     = {PV Interneurons: Critical Regulators of E/I Balance for Prefrontal Cortex-Dependent Behavior and Psychiatric Disorders},
  journal   = {Front. Neural Circuits},
  year      = {2018},
  note      = {\url{https://www.frontiersin.org/journals/neural-circuits/articles/10.3389/fncir.2018.00037/full}},
}

@article{ABV,
  author    = {Alice B Van Derveer and Georgia Bastos and Antanovia D Ferrell and Connor G Gallimore and Michelle L Greene and Jacob T Holmes and Vivien Kubricka and Jordan M Ross and Jordan P Hamm},
  title     = {A Role for Somatostatin-Positive Interneurons in Neuro-Oscillatory and Information Processing Deficits in Schizophrenia},
  journal   = {Schizophr Bull. },
  year      = {2020},
  note      = {\url{https://pmc.ncbi.nlm.nih.gov/articles/PMC8379548/}},
}



@article{pfeffer2013inhibition,
  author    = {Pfeffer, Christoph K and Xue, Min and He, Ming and Huang, Z Josh and Scanziani, Massimo},
  title     = {Inhibition of inhibition in visual cortex: the logic of connections between molecularly distinct interneurons},
  journal   = {Nature Neuroscience},
  volume    = {16},
  number    = {8},
  pages     = {1068--1076},
  year      = {2013},
  publisher = {Nature Publishing Group}
}



@article{FMM,
  title     = {PV and SOM cells play distinct causal roles in controlling network oscillations and stability},
  author    = {Tahvili, Farzin and Vinck, Martin and di Volo, Matteo},
  journal   = {Cell Reports},
  volume    = {44},
  pages     = {116131},
  year      = {2025},
  publisher = {Elsevier},
  doi       = {10.1016/j.celrep.2025.116131}
}

@article{terwal2021,
  title     = {Comprehensive characterization of oscillatory signatures in a model circuit with PV- and SOM-expressing interneurons},
  author    = {ter Wal, Marije and Tiesinga, Paul H. E.},
  journal   = {Biological Cybernetics},
  volume    = {115},
  number    = {5},
  pages     = {487--517},
  year      = {2021},
  publisher = {Springer},
  doi       = {10.1007/s00422-021-00894-6}
}
